@misc{abakumov:1997,
  title={Безызлучательная рекомбинация в полупроводниках, Издательство ПИЯФ РАН, С},
  author={Абакумов, ВН and Перель, ВИ and Яссиевич, ИН},
  year={1997},
  publisher={Петербург}
}